<?xml version="1.0" encoding="UTF-8"?><collection xmlns="http://www.loc.gov/MARC21/slim"><record><leader>00358nam--2200133-i-4500</leader><controlfield tag="001">000019483</controlfield><controlfield tag="002">20161230</controlfield><controlfield tag="005">20161230201033</controlfield><controlfield tag="008">060222s1000------------r-----000-0-eng-d</controlfield><datafield ind1=" " ind2=" " tag="080"><subfield code="a">530.1</subfield></datafield><datafield ind1=" " ind2=" " tag="100"><subfield code="a">Duffey, George H</subfield></datafield><datafield ind1=" " ind2=" " tag="245"><subfield code="a">Theoretical physics. classical and modern wiews</subfield></datafield><datafield ind1=" " ind2=" " tag="260"><subfield code="a">Boston, Houghton Mifflin Company, 1973. Xvi + 689 P</subfield></datafield><datafield ind1=" " ind2=" " tag="852"><subfield code="a">40920</subfield></datafield></record></collection>